<?xml version="1.0" encoding="UTF-8"?><collection xmlns="http://www.loc.gov/MARC21/slim"><record><leader>00364nam--2200133-i-4500</leader><controlfield tag="001">000033808</controlfield><controlfield tag="002">20161230</controlfield><controlfield tag="005">20161230201039</controlfield><controlfield tag="008">060222s1000------------r-----000-0-eng-d</controlfield><datafield ind1=" " ind2=" " tag="100"><subfield code="a">Moldan, Bedrich &amp; Rubeska, Ivan</subfield></datafield><datafield ind1=" " ind2=" " tag="245"><subfield code="a">Atomova absorpcni spektrofotometrie</subfield></datafield><datafield ind1=" " ind2=" " tag="260"><subfield code="a">Praha, Sntl, 1967, 153p</subfield></datafield><datafield ind1=" " ind2=" " tag="490"><subfield code="a">Moderni Metody V Chemicke Laboratori</subfield></datafield><datafield ind1=" " ind2=" " tag="852"><subfield code="a">28205</subfield></datafield></record></collection>